@ARTICLE {LSE-319,
  author =       {M. Juri\'c and D. Ciardi and G.P. Dubois-Felsmann},
  title =        "{LSST Science Platform Vision Document}",
  journal = {LSST Docushare},
  year =         2017,
  month =        jun,
   adsurl = {http://ls.st/LSE-319},
  eprint =       {LSE-319},
}

@ARTICLE{2008arXiv0805.2366I,
   author = {{Ivezic}, Z. and others},
    title = "{LSST: from Science Drivers to Reference Design and Anticipated Data Products}",
  journal = {ArXiv e-prints},
archivePrefix = "arXiv",
   eprint = {0805.2366},
 keywords = {Astrophysics},
     year = 2008,
    month = may,
   adsurl = {http://adsabs.harvard.edu/abs/2008arXiv0805.2366I},
  adsnote = {Provided by the SAO/NASA Astrophysics Data System}
}


